@online{nist_glossary_biometrics,
  author  = {National Institute of Standards and Technology (NIST)},
  title   = {Biometrics - Glossary | CSRC},
  year    = {2024},
  url     = {https://csrc.nist.gov/glossary/term/biometrics},
  urldate = {2024-11-23},
  note    = {Definition: A measurable physical characteristic or personal behavioral trait used to recognize the identity, or verify the claimed identity, of an applicant. Facial images, fingerprints, and iris scan samples are all examples of biometrics.}
}

@online{uenuma_biometric_risks,
  author  = {Maurice Uenuma},
  title   = {Navigating Biometric Data Security Risks in the Digital Age},
  year    = {2024},
  month   = {March},
  day     = {3},
  url     = {https://www.darkreading.com/cyber-risk/navigating-biometric-data-security-risks-digital-age},
  urldate = {2024-11-23},
  note    = {Discusses security risks and best practices for protecting biometric data in a digital environment.}
}

@online{snowden_privacy_quote,
  author  = {Edward Snowden},
  title   = {Arguing That You Don't Care About the Right to Privacy Because You Have Nothing to Hide Is No Different From Saying You Don't Care About Free Speech Because You Have Nothing to Say},
  url     = {https://gnupg.org/},
  urldate = {2024-11-23},
  note    = {Famous quote on privacy rights emphasizing the importance of protecting personal freedoms.}
}
